<record><leader>00000cas a22000007a 4500</leader><controlfield tag="001">1608323</controlfield><controlfield tag="008">750907d19351940mnuwr ne      0    0eng d</controlfield><datafield ind1=" " ind2=" " tag="010"><subfield code="a">sn 89064599 </subfield></datafield><datafield ind1=" " ind2=" " tag="040"><subfield code="a">MUL</subfield><subfield code="b">eng</subfield><subfield code="c">MUL</subfield><subfield code="d">MN#</subfield><subfield code="d">OCLCQ</subfield><subfield code="d">OCLCF</subfield><subfield code="d">OCLCO</subfield></datafield><datafield ind1=" " ind2=" " tag="042"><subfield code="a">msc</subfield></datafield><datafield ind1=" " ind2=" " tag="043"><subfield code="a">n-us-mn</subfield></datafield><datafield ind1=" " ind2=" " tag="052"><subfield code="a">4144</subfield><subfield code="b">H9</subfield></datafield><datafield ind1=" " ind2=" " tag="052"><subfield code="a">4143</subfield><subfield code="b">M2</subfield></datafield><datafield ind1="0" ind2="4" tag="245"><subfield code="a">The Hutchinson banner.</subfield></datafield><datafield ind1=" " ind2=" " tag="260"><subfield code="a">Hutchinson, Minn. :</subfield><subfield code="b">Molm &amp; Ferguson,</subfield><subfield code="c">-1940.</subfield></datafield><datafield ind1=" " ind2=" " tag="300"><subfield code="a">v.</subfield></datafield><datafield ind1=" " ind2=" " tag="310"><subfield code="a">Weekly</subfield></datafield><datafield ind1="1" ind2=" " tag="362"><subfield code="a">Began in 1935.</subfield></datafield><datafield ind1="0" ind2=" " tag="362"><subfield code="a">-v. 6, no. 18 (Nov. 29, 1940).</subfield></datafield><datafield ind1=" " ind2=" " tag="530"><subfield code="a">Available on microfilm from the Minnesota Historical Society.</subfield></datafield><datafield ind1=" " ind2=" " tag="588"><subfield code="a">Description based on: Vol. 3, no. 41 (May 13, 1938).</subfield></datafield><datafield ind1=" " ind2="0" tag="651"><subfield code="a">Hutchinson (Minn.)</subfield><subfield code="v">Newspapers.</subfield></datafield><datafield ind1=" " ind2="7" tag="655"><subfield code="a">Newspapers.</subfield><subfield code="2">fast</subfield><subfield code="0">(OCoLC)fst01423814</subfield></datafield><datafield ind1=" " ind2="7" tag="651"><subfield code="a">Minnesota</subfield><subfield code="z">Hutchinson.</subfield><subfield code="2">fast</subfield><subfield code="0">(OCoLC)fst01220215</subfield></datafield><datafield ind1=" " ind2=" " tag="752"><subfield code="a">United States</subfield><subfield code="b">Minnesota</subfield><subfield code="c">McLeod</subfield><subfield code="d">Hutchinson.</subfield></datafield><datafield ind1="0" ind2="0" tag="780"><subfield code="t">Roundup (Hutchinson, Minn.)</subfield></datafield><datafield ind1="0" ind2="4" tag="785"><subfield code="t">Hutchinson leader (Hutchinson, Minn.)</subfield><subfield code="w">(DLC)sn 83016547</subfield></datafield></record>